@misc{Cyberworkshop,
author = {National Protection and programs Directorate, U.S. Department of Homeland Security},
title = {Cybersecurity Insurance Workshop Readout Report},
year = {2012},
month= {Nov},
}
@TechReport{ccost,
author = {Ponemon Institute},
title = {Second Annual Cost of Cyber Crime Study, Benchmark Study of U.S: Companies},
institution = {Ponemon Institute},
year = {2011},
month = {Aug},
}
@misc{compworld,
  title = {Cyber insurance offers IT peace of mind -- or maybe not},
  author={Mary K. Pratt},
  howpublished = {\url{http://www.computerworld.com/s/article/9223366/Cyber_insurance_offers_IT_peace_of_mind_or_maybe_not?taxonomyId=17&pageNumber=1}},
  note = {Accessed: 31/01/2013},
}


@misc{ Nobody06,
       author = "Nobody Jr",
       title = "My Article",
       year = "2006" 
       }
       @Misc{yey,
       
       author = {asdasdasd},
       title = {asdasdasdadasdadasdgfdfgh},
      
       }
       
@Article{2006,
       author = {•},
       title = {•},
       journal = {•},
       year = {•},
       OPTkey = {•},
       OPTvolume = {•},
       OPTnumber = {•},
       OPTpages = {•},
       OPTmonth = {•},
       OPTnote = {•},
       OPTannote = {•}
       }
@Book{hey,
ALTauthor = {Jonas},
ALTeditor = {Haavard},
title = {Jonas og haavard},
publisher = {ja},
year = {2000},

}
@Article{jonas,
       author = {Jonas},
       title = {Jonas tarder},
       journal = {yes},
       year = {now},
       OPTkey = {1},
       OPTvolume = {1},
       OPTnumber = {1},
       OPTpages = {1},
       OPTmonth = {1},
       OPTnote = {1},
       OPTannote = {1}
       }
          
@article{robinson2012incentives,
  title={Incentives and Barriers of the Cyber Insurance Market in Europe},
  author={Robinson, N.},
  year={2012},
  publisher={European Network and Information Security Agency (ENISA)}
}
       

@InBook{mehr1980principles,
 title={Principles of insurance1!!!},
  author={Mehr, R.I. and Cammack, E. and Rose, T.},
  year={1980},
  publisher={RD Irwin},
  OPTpages = {34-37},
}


@Article{washingtonpaper,
       author = {National Protection and Programs Directorate},
       title = {Cybersecurity Insurance Workshop Readout Report},
       journal = {U.S. Department of Homeland Security},
       year = {2012},
       OPTkey = {•},
       OPTvolume = {•},
       OPTnumber = {•},
       OPTpages = {•},
       OPTmonth = {Nov},
       OPTnote = {•},
       OPTannote = {•}
       }
  