\begin{thebibliography}{[MT1]}

@article{bolot2008cyber,
  title={Cyber insurance as an incentive for Internet security},
  author={Bolot, Jean and Lelarge, Marc},
  journal={Managing information risk and the economics of security},
  pages={269--290},
  year={2008}
}
\end{thebibliography}